@ARTICLE{2018arXiv181206725I,
       author = {{Ilin}, Ekaterina and {Schmidt}, Sarah J. and {Davenport}, James R.~A.
        and {Strassmeier}, Klaus G.},
        title = "{Flares in Open Clusters with K2. I. M45 (Pleiades), M44 (Praesepe) and
        M67}",
      journal = {arXiv e-prints},
     keywords = {Astrophysics - Solar and Stellar Astrophysics},
         year = 2018,
        month = Dec,
          eid = {arXiv:1812.06725},
        pages = {arXiv:1812.06725},
archivePrefix = {arXiv},
       eprint = {1812.06725},
 primaryClass = {astro-ph.SR},
       adsurl = {https://ui.adsabs.harvard.edu/\#abs/2018arXiv181206725I},
      adsnote = {Provided by the SAO/NASA Astrophysics Data System}
}


